@online{Drawio,
	author = "diagrams.net",
	title = "Drawio",
	url  = "https://app.diagrams.net/",
	addendum = "(accessed: 17.06.2020)",
	keywords = "draw,diagrams"
}

@online{MySQL,
	author = "Oracle",
	title = "MySQL",
	url  = "https://dev.mysql.com/downloads/mysql/",
	addendum = "(accessed: 17.06.2020)",
	keywords = "database,mysql"
}

@online{MySQL_Workbench,
	author = "Oracle",
	title = "MySQL_WorkbenchL",
	url  = "https://www.mysql.com/products/workbench/",
	addendum = "(accessed: 17.06.2020)",
	keywords = "database-design,mysql"
}
@online{phpMyAdmin,
	author = "phpMyAdmin",
	title = "phpMyAdmin",
	url  = "https://www.phpmyadmin.net/",
	addendum = "(accessed: 17.06.2020)",
	keywords = "database-design,mysql"
}

@online{LaTex,
	author = "LaTex Project",
	title = "LaTex Project",
	url  = "https://www.latex-project.org/",
	addendum = "(accessed: 17.06.2020)",
	keywords = "latex,documentation"
}





